@Book{Rjasanow2007,
  Title                    = {The fast solution of boundary integral equations},
  Author                   = {Rjasanow, Sergej and Steinbach, Olaf},
  Publisher                = {Springer, New York},
  Year                     = {2007},
  Series                   = {Mathematical and Analytical Techniques with Applications to
 Engineering},

  ISBN                     = {978-0-387-34041-8; 0-387-34041-6},
  Mrclass                  = {65N38},
  Mrnumber                 = {2310663},
  Mrreviewer               = {Mar{\'{\i}}a-Luisa Rap{\'u}n},
  Pages                    = {xii+279}
}

@Book{Hackbusch2016,
  Title                    = {Hierarchical Matrices: Algorithms and Analysis},
  Author                   = {Hackbusch, Wolfgang},
  Publisher                = {Springer-Verlag, Berlin},
  Year                     = {2016},
  Series                   = {Springer Series in Computational Mathematics},
  Volume                   = {49},

  File                     = {Hackbusch2016.pdf:Hackbusch2016.pdf:PDF}
}

@Book{Bebendorf2008,
  Title                    = {Hierarchical matrices: A Means to Efficiently Solve Elliptic Boundary Value Problems},
  Author                   = {Bebendorf, Mario},
  Publisher                = {Springer-Verlag, Berlin},
  Year                     = {2008},
  Series                   = {Lecture Notes in Computational Science and Engineering},
  Volume                   = {63},

  File                     = {Bebendorf2008.pdf:Bebendorf2008.pdf:PDF}
}
